% Encoding: UTF-8

@Book{Conallen2000,
  author    = {Jim Conallen},
  title     = {Building Web applications with UML},
  year      = {2000},
  publisher = {Addison-Wesley Object Technology},
}

@WWW{Techopedia2017,
  author  = {Techopedia},
  title   = {Three-Tier Architecture},
  year    = {2017},
  url     = {https://www.techopedia.com/definition/24649/three-tier-architecture},
  urldate = {2017-05-08},
}

@Book{Saternos2014,
  author    = {Casimir Saternos},
  title     = {Client-Server Web Apps with JavaScript and Java},
  year      = {2014},
  publisher = {O'Reilly Media},
}

@Booklet{School2016,
  editor = {CodeSchool},
  title  = {Beginner's Guide to Web Development},
  year   = {2016},
}

@WWW{Rouse2012,
  author  = {Margaret Rouse},
  title   = {Web server},
  year    = {2012},
  url     = {http://whatis.techtarget.com/definition/Web-server},
  urldate = {2017-05-15},
}

@WWW{ITWissen.info2013,
  editor  = {ITWissen.info},
  title   = {Web Application Server},
  year    = {2013},
  url     = {http://www.itwissen.info/Web-Application-Server-web-application-server.html},
  urldate = {2017-05-15},
}

@WWW{Webb2013,
  author  = {Phil Webb},
  title   = {Spring Boot – Simplifying Spring for Everyone},
  date    = {2013-08-06},
  url     = {https://spring.io/blog/2013/08/06/spring-boot-simplifying-spring-for-everyone},
  urldate = {2017-05-15},
}

@Book{Walls2015,
  author    = {Craig Walls},
  title     = {Spring Boot in Action},
  year      = {2015},
  publisher = {Manning},
}

@WWW{Oracle2015,
  author  = {Oracle},
  title   = {Jersey 2.22.1 User Guide},
  year    = {2015},
  url     = {https://jersey.java.net/documentation/latest/user-guide.html},
  urldate = {2017-05-19},
}

@WWW{Foundation2017,
  editor  = {The Apache Software Foundation},
  title   = {Introduction to the POM},
  year    = {2017},
  url     = {https://maven.apache.org/guides/introduction/introduction-to-the-pom.html},
  urldate = {2017-05-19},
}

@WWW{Webb2017,
  author  = {Phillip Webb and Dave Syer and Josh Long and Stéphane Nicoll and Rob Winch and Andy Wilkinson and Marcel Overdijk and Christian Dupuis and Sébastien Deleuze and Michael Simons},
  title   = {Spring Boot Reference Guide},
  year    = {2017},
  url     = {http://docs.spring.io/spring-boot/docs/current/reference/html/},
  urldate = {2017-05-19},
}

@WWW{Arora2017,
  author  = {Sumit Arora},
  title   = {Angular CLI Project},
  year    = {2017},
  url     = {https://github.com/angular/angular-cli/wiki},
  urldate = {2017-05-19},
}

@Book{Varanasi2015,
  author    = {Balaji Varanasi and Sudha Belida},
  title     = {Spring REST},
  year      = {2015},
  publisher = {Apress},
}

@Book{Deeleman2016,
  author    = {Pablo Deeleman},
  title     = {Learning Angular 2},
  year      = {2016},
  publisher = {PACKT Publishing},
}

@WWW{Angular.io2017,
  author  = {Angular.io},
  title   = {Architecture overview documentation},
  year    = {2017},
  url     = {https://angular.io/docs/ts/latest/guide/architecture.html},
  urldate = {2017-05-22},
}

@WWW{Thattil2016,
  author  = {Sascha Thattil},
  title   = {Die wichtigsten Technologien für die Entwicklung von Webanwendungen},
  year    = {2016},
  url     = {http://www.yuhiro.de/technologien-fuer-die-entwicklung-von-webanwendungen/},
  urldate = {2017-05-24},
}

@WWW{Mihalcea2017,
  author  = {Vlad Mihalcea and Steve Ebersole and Andrea Boriero and Gunnar Morling and Gail Badner and Chris Cranford and Emmanuel Bernard and Sanne Grinovero and Brett Meyer and Hardy Ferentschik and Gavin King and Christian Bauer and Max Rydahl Andersen and Karel Maesen and Radim Vansa and Louis Jacomet},
  title   = {Hibernate ORM 5.2.10.Final User Guide},
  year    = {2017},
  url     = {http://docs.jboss.org/hibernate/orm/5.2/userguide/html_single/Hibernate_User_Guide.html},
  urldate = {2017-05-26},
}

@WWW{Zenithmedia2016,
  author  = {Zenithmedia},
  title   = {Zenith forecasts 75 percent of internet use will be mobile in 2017},
  year    = {2016},
  url     = {https://www.zenithmedia.com/mobile-forecasts-75-internet-use-will-mobile-2017},
  urldate = {2017-05-26},
}

@WWW{Angular.io2017a,
  author  = {Angular.io},
  title   = {NgModules Documentation},
  year    = {2017},
  url     = {https://angular.io/docs/ts/latest/guide/ngmodule.html},
  urldate = {2017-05-28},
}

@Book{Fink2014,
  author    = {Gil Fink and Ido Flatow},
  title     = {Pro Single Page Application Development},
  year      = {2014},
  publisher = {Apress},
}

@WWW{BSI2016,
  author  = {Bundesamt für Sicherheit in der Informationstechnik},
  title   = {Technische Richtlinie - Kryptographische Algorithmen und Schlüssellängen},
  year    = {2016},
  url     = {https://www.bsi.bund.de/SharedDocs/Downloads/DE/BSI/Publikationen/TechnischeRichtlinien/TR02102/BSI-TR-02102.pdf?__blob=publicationFile},
  urldate = {2017-05-28},
}

@WWW{jBCrypt2015,
  author  = {Damien Miller},
  title   = {jBCrypt},
  year    = {2015},
  url     = {http://www.mindrot.org/projects/jBCrypt/},
  urldate = {2017-05-28},
}

@WWW{Provos,
  author  = {Niels Provos and David Mazières},
  title   = {A Future-Adaptable Password Scheme},
  url     = {https://www.openbsd.org/papers/bcrypt-paper.pdf},
  urldate = {2017-05-28},
}

@WWW{Jersey2017,
  author  = {Jersey},
  title   = {Jersey - RESTful Web Services in Java},
  url     = {https://jersey.github.io/},
  urldate = {2017-05-29},
}

@WWW{Jersey2017a,
  author  = {Jersey},
  title   = {JAX-RS Application, Resources and Sub-Resources},
  url     = {https://jersey.github.io/documentation/latest/jaxrs-resources.html},
  urldate = {2017-05-29},
}

@Book{Coutermarsh2014,
  author    = {Mike Coutermarsh},
  title     = {Heroku Cookbook},
  year      = {2014},
  publisher = {PACKT Publishing},
}

@Book{Gaut2016,
  author    = {Biff Gaut and Hisham Baz and Joe Baron and John Stamper and Kevin E. Kelly and Sean Senior and Tim Bixler},
  title     = {AWS Certified Solutions Architect Official Study Guide},
  year      = {2016},
  publisher = {Amazon Web Services},
}

@WWW{Auth02016,
  author  = {Auth0 Inc.},
  title   = {JSON Web Tokens (JWT) in Auth0},
  url     = {https://auth0.com/docs/jwt},
  urldate = {2017-05-29},
}

@WWW{Riehm2004,
  author  = {Ulrich Riehm},
  title   = {E-Commerce - Begriff, Geschichte, aktueller Stand und Ausblick},
  url     = {http://www.itas.kit.edu/pub/v/2004/rieh04b.pdf},
  urldate = {2017-05-30},
}

@WWW{solidIT2017,
  author  = {solid IT GmbH},
  title   = {DB-Engines Ranking von Relational DBMS},
  url     = {https://db-engines.com/de/ranking/relational+dbms},
  urldate = {2017-05-30},
}

@WWW{solidIT2017a,
  author  = {solid IT GmbH},
  title   = {Datenbankmanagementsysteme},
  url     = {https://db-engines.com/de/systems},
  urldate = {2017-05-30},
}

@WWW{Azure2017,
  author  = {Microsoft Azure},
  title   = {Was ist PaaS?},
  year    = {2017},
  url     = {https://azure.microsoft.com/de-de/overview/what-is-paas/},
  urldate = {2017-05-30},
}

@Comment{jabref-meta: databaseType:biblatex;}
